<collection xmlns="http://www.loc.gov/MARC21/slim">
<record>
  <leader>00880nam0a2200217 i 450 </leader>
  <controlfield tag="001">IT\ICCU\CNCE\004221</controlfield>
  <controlfield tag="005">20040110000000.0</controlfield>
  <datafield tag="012" ind1=" " ind2=" ">
    <subfield code="a">voua oeio suto eqch (C) 1507 (R)</subfield>
    <subfield code="2">fei</subfield>
  </datafield>
  <datafield tag="100" ind1=" " ind2=" ">
    <subfield code="a">19970101d1507        0itac0103    ba</subfield>
  </datafield>
  <datafield tag="101" ind1=" " ind2=" ">
    <subfield code="a">ITA</subfield>
  </datafield>
  <datafield tag="102" ind1=" " ind2=" ">
    <subfield code="a">IT</subfield>
  </datafield>
  <datafield tag="200" ind1="1" ind2=" ">
    <subfield code="a">℗La ℗vita del patriarcha Iosaphat</subfield>
  </datafield>
  <datafield tag="210" ind1=" " ind2=" ">
    <subfield code="e">Milano</subfield>
    <subfield code="g">per Petro Martire e fratelli di Mantegatii</subfield>
    <subfield code="g">a instantia del uenerabile messere pre Nicolo da Gorgonzola</subfield>
    <subfield code="h">1507 a di V del mexe de mazo</subfield>
  </datafield>
  <datafield tag="215" ind1=" " ind2=" ">
    <subfield code="a">\26! c.</subfield>
    <subfield code="d">4ʻ</subfield>
  </datafield>
  <datafield tag="500" ind1="1" ind2="1">
    <subfield code="3">IT\ICCU\CNCE\004222</subfield>
    <subfield code="a">Barlaam e Iosafat</subfield>
  </datafield>
  <datafield tag="620" ind1=" " ind2=" ">
    <subfield code="a">IT</subfield>
    <subfield code="d">Milano</subfield>
  </datafield>
  <datafield tag="712" ind1="0" ind2="0">
    <subfield code="a">Mantegazza, Pietro Martire &amp; fratelli</subfield>
    <subfield code="3">IT\ICCU\CNCT\000903</subfield>
    <subfield code="4">650</subfield>
  </datafield>
  <datafield tag="712" ind1="0" ind2="0">
    <subfield code="a"></subfield>
    <subfield code="3">IT\ICCU\CNCT\000205</subfield>
    <subfield code="4">650</subfield>
  </datafield>
  <datafield tag="791" ind1="0" ind2="2">
    <subfield code="a">Nicolo da Gorgonzola</subfield>
    <subfield code="3">IT\ICCU\CNCT\004950</subfield>
    <subfield code="z"></subfield>
  </datafield>
  <datafield tag="801" ind1=" " ind2="3">
    <subfield code="a">IT</subfield>
    <subfield code="b">ICCU</subfield>
    <subfield code="c">20201113</subfield>
  </datafield>
  <datafield tag="899" ind1=" " ind2=" ">
    <subfield code="a">Biblioteca nazionale Braidense. Milano</subfield>
    <subfield code="1">MI0185</subfield>
    <subfield code="2">MIL NB</subfield>
  </datafield>
</record>
</collection>
